@book{pearl2009causality,
  title     = {Causality: Models, Reasoning and Inference},
  author    = {Pearl, Judea},
  year      = {2009},
  publisher = {Cambridge University Press}
}

@article{Li2024bullying,
  author    = {Chao Li and Ping Wang and Marina Martin-Moratinos and Marcos Bella-Fern{\'a}ndez and Hilario Blasco-Fontecilla},
  title     = {Traditional bullying and cyberbullying in the digital age and its associated mental health problems in children and adolescents: a meta-analysis},
  journal   = {European Child \& Adolescent Psychiatry},
  year      = {2024},
  volume    = {33},
  number    = {9},
  pages     = {2895--2909},
  month     = {September},
  doi       = {10.1007/s00787-022-02128-x},
  note      = {Epub 2022 Dec 31},
  publisher = {Springer},
  url       = {https://doi.org/10.1007/s00787-022-02128-x}
}

@article{Li2024mentalhealth,
  author    = {Li, Qi and Smith, Peter K.},
  title     = {The longitudinal associations between bullying involvement and school engagement: A meta-analytic review},
  journal   = {Aggression and Violent Behavior},
  year      = {2024},
  volume    = {70},
  pages     = {101917},
  doi       = {10.1016/j.avb.2023.101917}
}

@article{Gorzig_Machackova_2015,
  author    = {Görzig, Anke and Machackova, Hana},
  title     = {Cyberbullying from a socio-ecological perspective: A contemporary synthesis of findings},
  journal   = {Psychology of Violence},
  year      = {2015},
  volume    = {5},
  number    = {3},
  pages     = {231--244},
  doi       = {10.1037/a0034564}
}

@incollection{Wentzel2005peer,
  author    = {Wentzel, Kathryn R.},
  title     = {Peer relationships, motivation, and academic performance at school},
  booktitle = {Handbook of Competence and Motivation},
  editor    = {Elliot, Andrew J. and Dweck, Carol S.},
  publisher = {Guilford Press},
  year      = {2005},
  pages     = {279--296}
}

@article{Sorkhabi2005,
  author    = {Sorkhabi, Nadia},
  title     = {Applicability of Baumrind’s parent typology to collective cultures: Analysis of cultural explanations of parent socialization effects},
  journal   = {International Journal of Behavioral Development},
  year      = {2005},
  volume    = {29},
  number    = {6},
  pages     = {552--563},
  doi       = {10.1177/01650250500172661}
}

@inproceedings{zheng2018dags,
  title     = {DAGs with NO TEARS: Continuous Optimization for Structure Learning},
  author    = {Zheng, Xun and Aragam, Bryon and Ravikumar, Pradeep and Xing, Eric P},
  booktitle = {Advances in Neural Information Processing Systems},
  pages     = {9472--9483},
  year      = {2018}
}

@article{glymour2019review,
  title     = {Review of causal discovery methods based on graphical models},
  author    = {Glymour, Clark and Zhang, Kun and Spirtes, Peter},
  journal   = {Frontiers in Genetics},
  volume    = {10},
  pages     = {524},
  year      = {2019}
}

@article{Zhu2021,
  author    = {Chengyan Zhu and Shiqing Huang and Richard Evans and Wei Zhang},
  title     = {Cyberbullying Among Adolescents and Children: A Comprehensive Review of the Global Situation, Risk Factors, and Preventive Measures},
  journal   = {Frontiers in Public Health},
  volume    = {9},
  pages     = {634909},
  year      = {2021},
  doi       = {10.3389/fpubh.2021.634909},
  url       = {https://www.frontiersin.org/articles/10.3389/fpubh.2021.634909/full}
}

@article{McCormack2011,
  author    = {McCormack, G. R. and Hawe, P. and Perry, R. and Blackstaffe, A.},
  title     = {Associations between familial affluence and obesity risk behaviours among children},
  journal   = {Paediatrics \& Child Health},
  year      = {2011},
  volume    = {16},
  number    = {1},
  pages     = {19--24},
  month     = {Jan},
  doi       = {10.1093/pch/16.1.19}
}

@misc{HBSC2018OA_ed1,
  title        = {HBSC‑2017/18, Overview (Version 1.0)},
  author       = {{HBSC Data Management Centre, University of Bergen}},
  year         = {2018},
  howpublished = {\url{https://www.uib.no/sites/w3.uib.no/files/attachments/hbsc2018oaed1.0.pdf}},
  note         = {Data file and documentation accessed: 10 June 2025; Dataset contains public open-access variables list and overview} 
}

@article{ZHANG20081873,
  title     = {On the completeness of orientation rules for causal discovery in the presence of latent confounders and selection bias},
  journal   = {Artificial Intelligence},
  volume    = {172},
  number    = {16},
  pages     = {1873--1896},
  year      = {2008},
  issn      = {0004-3702},
  doi       = {10.1016/j.artint.2008.08.001},
  url       = {https://www.sciencedirect.com/science/article/pii/S0004370208001008},
  author    = {Jiji Zhang},
  keywords  = {Ancestral graphs, Automated causal discovery, Bayesian networks, Causal models, Markov equivalence, Latent variables}
}

@article{Kitson2023,
  author    = {Neville Kenneth Kitson and Anthony C. Constantinou and Zhigao Guo and Yang Liu and Kiattikun Chobtham},
  title     = {A survey of Bayesian Network structure learning},
  journal   = {Artificial Intelligence Review},
  year      = {2023},
  volume    = {56},
  number    = {8},
  pages     = {8721--8814},
  doi       = {10.1007/s10462-022-10351-w},
  url       = {https://doi.org/10.1007/s10462-022-10351-w}
}

%@misc{causal-learn-fci,
%  author       = {{Causal-learn Developers}},
%  title        = {FCI Algorithm — Constraint-Based Causal %Discovery Methods},
%  howpublished = {\url{https://causal-learn.readthedocs.io/en/latest/search_methods_index/Constraint-based%20causal%20discovery%20methods/FCI.html}},
%  note         = {Accessed: 2025-06-12},
%  year         = {2025}
%}

@misc{causal-learn-docs,
  title        = {causal‑learn: Causal discovery in Python},
  howpublished = {\url{https://causal‑learn.readthedocs.io/en/latest/}},
  note         = {Accessed: 2025‑06‑13},
  year         = {2025},
}
