@misc{jiralerspong2024efficientcausalgraphdiscovery,
      title={Efficient Causal Graph Discovery Using Large Language Models}, 
      author={Thomas Jiralerspong and Xiaoyin Chen and Yash More and Vedant Shah and Yoshua Bengio},
      year={2024},
      eprint={2402.01207},
      archivePrefix={arXiv},
      primaryClass={cs.LG},
      url={https://arxiv.org/abs/2402.01207}, 
}

@misc{runge2022causeme,
  author       = {Jakob Runge and Jonas Peters and Shohei Shimizu and Peter Spirtes and Dominik Janzing and Patrick Bl√∂baum and Stefan Haufe and others},
  title        = {CauseMe: Benchmarking Causal Discovery Algorithms},
  year         = {2022},
  howpublished = {\url{https://causeme.uv.es/}}
}

@misc{guo2025estimatingcausaleffectstext,
      title={Estimating Causal Effects of Text Interventions Leveraging LLMs}, 
      author={Siyi Guo and Myrl G. Marmarelis and Fred Morstatter and Kristina Lerman},
      year={2025},
      eprint={2410.21474},
      archivePrefix={arXiv},
      primaryClass={cs.CL},
      url={https://arxiv.org/abs/2410.21474}, 
}